%% LaTeX2e file `main.bib'
%% generated by the `filecontents' environment
%% from source `main' on 2023/11/26.
%%
@book{elk,
  author    = {Anne Elk},
  title     = {A Theory on Brontosauruses},
  year      = {1972},
  publisher = {Monthy \& Co.},
  location  = {London},
  doi       = {10.0001/12345},
}
