@article{Pawlowski2017CoolingNoise,
    title = {{Cooling stochastic quantization with colored noise}},
    year = {2017},
    journal = {Physical Review D},
    author = {Pawlowski, Jan M. and Stamatescu, Ion-Olimpiu and Ziegler, Felix P. G.},
    number = {11},
    month = {12},
    pages = {114505},
    volume = {96},
    url = {https://link.aps.org/doi/10.1103/PhysRevD.96.114505},
    doi = {10.1103/PhysRevD.96.114505},
    issn = {2470-0010}
}

@article{Nambu1961DynamicalI,
    title = {{Dynamical model of elementary particles based on an analogy with superconductivity. i}},
    year = {1961},
    journal = {Physical Review},
    author = {Nambu, Y. and Jona-Lasinio, G.},
    number = {1},
    volume = {122},
    doi = {10.1103/PhysRev.122.345},
    issn = {0031899X}
}

@article{Nambu1961DynamicalII,
    title = {{Dynamical model of elementary particles based on an analogy with superconductivity. II}},
    year = {1961},
    journal = {Physical Review},
    author = {Nambu, Y. and Jona-Lasinio, G.},
    number = {1},
    volume = {124},
    doi = {10.1103/PhysRev.124.246},
    issn = {0031899X}
}

@misc{Buballa2005NJL-modelMatter,
    title = {{NJL-model analysis of dense quark matter}},
    year = {2005},
    booktitle = {Physics Reports},
    author = {Buballa, Michael},
    number = {4-6},
    volume = {407},
    doi = {10.1016/j.physrep.2004.11.004},
    issn = {03701573}
}

@misc{Ayala2021QCDDescriptions,
    title = {{QCD phase diagram in a magnetized medium from the chiral symmetry perspective: the linear sigma model with quarks and the Nambu–Jona-Lasinio model effective descriptions}},
    year = {2021},
    booktitle = {European Physical Journal A},
    author = {Ayala, Alejandro and Hern{\'{a}}ndez, Luis A. and Loewe, Marcelo and Villavicencio, Cristian},
    number = {7},
    volume = {57},
    doi = {10.1140/epja/s10050-021-00534-4},
    issn = {1434601X}
}

@book{Montvay1994QuantumLattice,
    title = {{Quantum Fields on a Lattice}},
    year = {1994},
    booktitle = {Quantum Fields on a Lattice},
    author = {Montvay, Istvan and M{\"{u}}nster, Gernot},
    doi = {10.1017/cbo9780511470783}
}

@article{Damgaard1987StochasticQuantization,
    title = {{Stochastic quantization}},
    year = {1987},
    journal = {Physics Reports},
    author = {Damgaard, Poul H. and H{\"{u}}ffel, Helmuth},
    number = {5-6},
    month = {8},
    pages = {227--398},
    volume = {152},
    publisher = {North-Holland},
    url = {https://linkinghub.elsevier.com/retrieve/pii/037015738790144X},
    doi = {10.1016/0370-1573(87)90144-X},
    issn = {03701573}
}