@article{Pawlowski2017CoolingNoise,
	author = {Pawlowski, Jan M. and Stamatescu, Ion Olimpiu and Ziegler, Felix P.G.},
	doi = {10.1103/PhysRevD.96.114505},
	issn = {24700029},
	journal = {Physical Review D},
	number = {11},
	title = {{Cooling stochastic quantization with colored noise}},
	volume = {96},
	year = {2017}
}

@article{Nambu1961DynamicalI,
	author = {Nambu, Y. and Jona-Lasinio, G.},
	doi = {10.1103/PhysRev.122.345},
	issn = {0031899X},
	journal = {Physical Review},
	number = {1},
	title = {{Dynamical model of elementary particles based on an analogy with superconductivity. i}},
	volume = {122},
	year = {1961}
}

@article{Nambu1961DynamicalII,
	author = {Nambu, Y. and Jona-Lasinio, G.},
	doi = {10.1103/PhysRev.124.246},
	issn = {0031899X},
	journal = {Physical Review},
	number = {1},
	title = {{Dynamical model of elementary particles based on an analogy with superconductivity. II}},
	volume = {124},
	year = {1961}
}

@misc{Buballa2005NJL-modelMatter,
	author = {Buballa, Michael},
	booktitle = {Physics Reports},
	doi = {10.1016/j.physrep.2004.11.004},
	issn = {03701573},
	number = {4-6},
	title = {{NJL-model analysis of dense quark matter}},
	volume = {407},
	year = {2005}
}

@book{Montvay1994QuantumLattice,
	author = {Montvay, Istvan and M{\"u}nster, Gernot},
	booktitle = {Quantum Fields on a Lattice},
	doi = {10.1017/cbo9780511470783},
	title = {{Quantum Fields on a Lattice}},
	year = {1994}
}

@article{Damgaard1987StochasticQuantization,
	author = {Damgaard, Poul H. and H{\"u}ffel, Helmuth},
	doi = {10.1016/0370-1573(87)90144-X},
	issn = {0370-1573},
	journal = {Physics Reports},
	month = {8},
	number = {5-6},
	pages = {227--398},
	publisher = {North-Holland},
	title = {{Stochastic quantization}},
	volume = {152},
	year = {1987}
}

@misc{carosso2020novel,
	archiveprefix = {arXiv},
	author = {Carosso, Andrea},
	eprint = {2006.07481},
	primaryclass = {hep-lat},
	title = {Novel Approaches to Renormalization Group Transformations in the Continuum and on the Lattice},
	year = {2020}
}

@article{ParisiWu,
	author = {Parisi, G. and Wu, Y.-S.},
	issue = {24},
	journal = {Scientia Sinica},
	pages = {483},
	title = {Perturbation Theory without Gauge Fixing},
	year = {1981}
}

@article{PhysicsPhysiqueFizika_2_263,
	author = {Kadanoff, Leo P.},
	doi = {10.1103/PhysicsPhysiqueFizika.2.263},
	issue = {6},
	journal = {Physics Physique Fizika},
	month = {Jun},
	numpages = {10},
	pages = {263--272},
	publisher = {American Physical Society},
	title = {{Scaling laws for ising models near ${T}_{c}$}},
	url = {https://link.aps.org/doi/10.1103/PhysicsPhysiqueFizika.2.263},
	volume = {2},
	year = {1966}
}

@misc{attanasio2022low,
	archiveprefix = {arXiv},
	author = {Attanasio, Felipe and Klinger, Jan Philipp and Pawlowski, Jan M.},
	eprint = {2212.12354},
	primaryclass = {hep-lat},
	title = {Low energy effective theories on the lattice with coloured noise},
	year = {2022}
}

