@article{shizgal1985,
  title = {Discrete-ordinate method of solution of Fokker-Planck equations with nonlinear coefficients},
  author = {Blackmore, R. and Shizgal, B.},
  journal = {Phys. Rev. A},
  volume = {31},
  issue = {3},
  pages = {1855--1868},
  numpages = {0},
  year = {1985},
  publisher = {American Physical Society},
  doi = {10.1103/PhysRevA.31.1855},
  url = {https://link.aps.org/doi/10.1103/PhysRevA.31.1855}
}


@article{shizgal1996,
    author = {Shizgal, B. D. and Chen, H.},
    title = "{The quadrature discretization method (QDM) in the solution of the Schrödinger equation with nonclassical basis functions}",
    journal = {The Journal of Chemical Physics},
    volume = {104},
    number = {11},
    pages = {4137-4150},
    year = {1996},
    issn = {0021-9606},
    doi = {10.1063/1.471225},
    url = {https://doi.org/10.1063/1.471225},
}


@article{shizgal1997,
    author = {Shizgal, B. D. and Chen, H.},
    title = "{The quadrature discretization method in the solution of the Fokker–Planck equation with nonclassical basis functions}",
    journal = {The Journal of Chemical Physics},
    volume = {107},
    number = {19},
    pages = {8051-8063},
    year = {1997},
    issn = {0021-9606},
    doi = {10.1063/1.3427647},
    url = {https://doi.org/10.1063/1.3427647},
}


@article{Shizgal1998,
	title = {The Quadrature Discretization Method ({QDM}) in comparison with other numerical methods of solution of the Fokker–Planck equation for electron thermalization},
	volume = {24},
	issn = {1572-8897},
	url = {https://doi.org/10.1023/A:1019139207031},
	doi = {10.1023/A:1019139207031},
	pages = {291--319},
	number = {4},
	journaltitle = {Journal of Mathematical Chemistry},
	author = {Leung, K. and Shizgal, B. D. and Chen, H.},
	date = {1998},
	langid = {english},
	}

@article{Shizgal2001,
title = {A spectral solution of the Sturm–Liouville equation: comparison of classical and nonclassical basis sets},
journal = {Journal of Computational and Applied Mathematics},
volume = {136},
number = {1},
pages = {17-35},
year = {2001},
issn = {0377-0427},
doi = {https://doi.org/10.1016/S0377-0427(00)00573-2},
url = {https://www.sciencedirect.com/science/article/pii/S0377042700005732},
author = {Chen, H. and  Shizgal, B. D.},
}

@article{Shizgal2006,
    author = {Lo, J. and Shizgal, B. D.},
    title = "{Spectral convergence of the quadrature discretization method in the solution of the Schrödinger and Fokker-Planck equations: Comparison with sinc methods}",
    journal = {The Journal of Chemical Physics},
    volume = {125},
    number = {19},
    pages = {194108},
    year = {2006},
    issn = {0021-9606},
    doi = {10.1063/1.2378622},
    url = {https://doi.org/10.1063/1.2378622},
}

@article{Shizgal2008,
author = {Lo, J. and Shizgal, B. D.},
year = {2008},
month = {01},
pages = {787-801},
title = {Pseudospectral methods of solution of the Schrödinger equation},
volume = {44},
journal = {Journal of Mathematical Chemistry},
doi = {10.1007/s10910-007-9341-8},
url = {https://link.springer.com/article/10.1007/s10910-007-9341-8},
}

@Book{Shizgal2015,
author="Shizgal, B. D.",
title="Spectral Methods in Chemistry and Physics: Spectral and Pseudospectral Methods of Solution of the Fokker-Planck and Schrödinger Equations",
year="2015",
publisher="Springer",
pages="331--410",
isbn="978-94-017-9454-1",
doi="10.1007/978-94-017-9454-1_6",
url="https://doi.org/10.1007/978-94-017-9454-1_6"
}

@article{Shizgal2016,
author = {Shizgal, B. D.},
year = {2016},
pages = {},
title = {Pseudospectral Solution of the Fokker–Planck Equation with Equilibrium Bistable States: the Eigenvalue Spectrum and the Approach to Equilibrium},
volume = {164},
journal = {Journal of Statistical Physics},
doi = {10.1007/s10955-016-1594-9},
url = {https://doi.org/10.1007/s10955-016-1594-9}
}


@book{trefethen_spectral_2000,
	title = {Spectral Methods in {MATLAB}},
	isbn = {9780898714654},
	url = {https://epubs.siam.org/doi/book/10.1137/1.9780898719598},
	series = {Software, Environments, and Tools},
	publisher = {Society for Industrial and Applied Mathematics},
	author = {Trefethen, L. N.},
	date = {2000},
	doi = {10.1137/1.9780898719598},
}


@book{gardiner2009stochastic,
  title={Stochastic Methods: A Handbook for the Natural and Social Sciences},
  author={Gardiner, C.},
  isbn={9783540707127},
  lccn={2008936877},
  series={Springer Series in Synergetics},
  url={https://books.google.de/books?id=otg3PQAACAAJ},
  year={2009},
  publisher={Springer Berlin Heidelberg}
}

@book{pavliotis2014stochastic,
  title={Stochastic Processes and Applications: Diffusion Processes, the Fokker-Planck and Langevin Equations},
  author={Pavliotis, G.A.},
  isbn={9781493913237},
  series={Texts in Applied Mathematics},
  url={https://books.google.de/books?id=8213BQAAQBAJ},
  year={2014},
  publisher={Springer New York}
}

@article{HANGGI1982207,
title = {Stochastic processes: Time evolution, symmetries and linear response},
journal = {Physics Reports},
volume = {88},
number = {4},
pages = {207-319},
year = {1982},
issn = {0370-1573},
doi = {https://doi.org/10.1016/0370-1573(82)90045-X},
url = {https://www.sciencedirect.com/science/article/pii/037015738290045X},
author = {Hänggi, P. and H. Thomas}
}

@article{debbasch_relativistic_1997,
	title = {Relativistic Ornstein–Uhlenbeck Process},
	volume = {88},
	rights = {1997 Plenum Publishing Corporation},
	issn = {1572-9613},
	url = {https://link.springer.com/article/10.1023/B:JOSS.0000015180.16261.53},
	doi = {10.1023/B:JOSS.0000015180.16261.53},
	pages = {945--966},
	number = {3},
	journaltitle = {Journal of Statistical Physics},
	shortjournal = {Journal of Statistical Physics},
	author = {Debbasch, F. and Mallick, K. and Rivet, J. P.},
	urldate = {2023-09-05},
	date = {1997-08-01},
	langid = {english},
}

@book{kolmogorov1933,
  title={Grundbegriffe der Wahrscheinlichkeitsrechnung},
  author={Kolmogorov, A.},
  year={1933},
  publisher={Springer}
}

@misc{Schwarz19,
  author        = {Schwarz, U.},
  title         = {Stochastic dynamics},
  year          = {2019},
  url = {https://www.thphys.uni-heidelberg.de/~biophys/PDF/Skripte/StochasticDynamics.pdf}
}

@article{Markov1906,
title = {Rasprostranenie zakona bolshikh chisel na velichiny zavisyashchie
drug ot druga},
journal = {Izv. Fiz.-Mat. Obs. Kazan. Univ.},
volume = {15},
pages = {135-156},
year = {1906},
author = {Markov, A. A.},
url = {https://www.jehps.net/Novembre2006/Markov3pdf.pdf}
}


@article{chapman1928,
	title = {On the Brownian displacements and thermal diffusion of grains suspended in a non-uniform fluid},
	volume = {119},
	url = {https://royalsocietypublishing.org/doi/10.1098/rspa.1928.0082},
	doi = {10.1098/rspa.1928.0082},
	pages = {34-54},
	journaltitle = {Proceedings of the Royal Society of London. A},
	author = {Chapman, S.},
	urldate = {2023-09-25},
	year = {1928},
}

@article{Kolmogoroff1931,
	title = {Über die analytischen Methoden in der Wahrscheinlichkeitsrechnung},
	volume = {104},
	url = {https://doi.org/10.1007/BF01457949},
	doi = {10.1007/BF01457949},
	pages = {415-458},
	journaltitle = {Mathematische Annalen},
	author = {Kolmogorov, A.},
	year = {1931},
}

@article{wiener1923,
	title = {Differential-Space},
	volume = {2},
	rights = {© 1923 by the Massachusetts Institute of Technology},
	issn = {1467-9590},
	url = {https://onlinelibrary.wiley.com/doi/abs/10.1002/sapm192321131},
	doi = {10.1002/sapm192321131},
	pages = {131--174},
	journaltitle = {Journal of Mathematics and Physics},
	author = {Wiener, N.},
	urldate = {2023-09-27},
	date = {1923},
	langid = {english},
}

@article{Donsker,
author = {Donsker, M. D.},
title = {{Justification and Extension of Doob's Heuristic Approach to the Kolmogorov-Smirnov Theorems}},
volume = {23},
journal = {The Annals of Mathematical Statistics},
publisher = {Institute of Mathematical Statistics},
pages = {277 -- 281},
year = {1952},
doi = {10.1214/aoms/1177729445},
URL = {https://doi.org/10.1214/aoms/1177729445}
}

@article{Ito1944,
author = {It{\^o}, K.},
title = {{Stochastic integral}},
volume = {20},
journal = {Proceedings of the Imperial Academy},
publisher = {The Japan Academy},
pages = {519 -- 524},
year = {1944},
doi = {10.3792/pia/1195572786},
URL = {https://doi.org/10.3792/pia/1195572786}
}

@article{KLIMONTOVICH1990515,
title = {Ito, stratonovich and kinetic forms of stochastic equations},
journal = {Physica A: Statistical Mechanics and its Applications},
volume = {163},
pages = {515-532},
year = {1990},
issn = {0378-4371},
doi = {https://doi.org/10.1016/0378-4371(90)90142-F},
url = {https://www.sciencedirect.com/science/article/pii/037843719090142F},
author = {Klimontovich, Y. L. },
}


@article{Stratonovich1966,
author = {Stratonovich, R. L.},
title = {A New Representation for Stochastic Integrals and Equations},
journal = {SIAM Journal on Control},
volume = {4},
pages = {362-371},
year = {1966},
doi = {10.1137/0304028},
URL = {https://doi.org/10.1137/0304028},
}

@article{fisk1965,
	title = {Quasi-martingales},
	volume = {120},
	issn = {0002-9947, 1088-6850},
	url = {https://www.ams.org/tran/1965-120-03/S0002-9947-1965-0192542-5/},
	doi = {10.1090/S0002-9947-1965-0192542-5},
	abstract = {Advancing research. Creating connections.},
	pages = {369--389},
	journaltitle = {Transactions of the American Mathematical Society},
	shortjournal = {Trans. Amer. Math. Soc.},
	author = {Fisk, D. L.},
	urldate = {2023-10-10},
	date = {1965},
}

@article{KRAMERS1940,
title = {Brownian motion in a field of force and the diffusion model of chemical reactions},
journal = {Physica},
volume = {7},
pages = {284-304},
year = {1940},
issn = {0031-8914},
doi = {https://doi.org/10.1016/S0031-8914(40)90098-2},
url = {https://www.sciencedirect.com/science/article/pii/S0031891440900982},
author = {Kramers, H.A.},
}

@article{Moyal1949,
author = {Moyal, J. E.},
title = {Stochastic Processes and Statistical Physics},
journal = {Journal of the Royal Statistical Society: Series B (Methodological)},
volume = {11},
pages = {150-210},
doi = {https://doi.org/10.1111/j.2517-6161.1949.tb00030.x},
url = {https://rss.onlinelibrary.wiley.com/doi/abs/10.1111/j.2517-6161.1949.tb00030.x},
year = {1949}
}

@article{Fokker1914,
author = {Fokker, A. D.},
title = {Die mittlere Energie rotierender elektrischer Dipole im Strahlungsfeld},
journal = {Annalen der Physik},
volume = {348},
number = {5},
pages = {810-820},
doi = {https://doi.org/10.1002/andp.19143480507},
url = {https://onlinelibrary.wiley.com/doi/abs/10.1002/andp.19143480507},
year = {1914}
}

@article{Planck1917,
	title = {Über einen Satz der statistischen Dynamik und seine Erweiterung in
der Quantentheorie},
	volume = {24},
	url = {https://www.biodiversitylibrary.org/item/92720},
	publisher = {Deutsche Akademie der Wissenschaften zu Berlin},
	author = {Planck, M.},
	year = {1917},
	pages = {324--341},

}

@book{Risken1996,
	location = {Berlin, Heidelberg},
	title = {The Fokker-Planck Equation: Methods of Solution and Applications},
	volume = {18},
	url = {https://link.springer.com/10.1007/978-3-642-61544-3},
	series = {Springer Series in Synergetics},
	shorttitle = {The Fokker-Planck Equation},
	publisher = {Springer},
	author = {Risken, H.},
	urldate = {2023-10-18},
	date = {1996},
	doi = {10.1007/978-3-642-61544-3},
}

@article{ji_convergence_2019,
	title = {Convergence to Equilibrium in Fokker–Planck Equations},
	volume = {31},
	issn = {1572-9222},
	url = {https://doi.org/10.1007/s10884-018-9705-8},
	doi = {10.1007/s10884-018-9705-8},
	pages = {1591--1615},
	journaltitle = {Journal of Dynamics and Differential Equations},
	shortjournal = {J Dyn Diff Equat},
	author = {Ji, M. and Shen, Z. and Yi, Y.},
	urldate = {2023-10-23},
	date = {2019-09-01},
	langid = {english},
}

@article{OrnUHl1930,
  title = {On the Theory of the Brownian Motion},
  author = {Uhlenbeck, G. E. and Ornstein, L. S.},
  journal = {Phys. Rev.},
  volume = {36},
  issue = {5},
  pages = {823--841},
  year = {1930},
  publisher = {American Physical Society},
  doi = {10.1103/PhysRev.36.823},
  url = {https://link.aps.org/doi/10.1103/PhysRev.36.823}
}


@article{Lopuszanski1953,
  title = {Relativisierung der Theorie der Stochastischen Prozesse},
  author = {Łopuszański, J.},
  journal = {Acta Physica Polonica},
  volume = {12},
  pages = {87--99},
  year = {1953},
  url = {https://www.actaphys.uj.edu.pl/fulltext?series=T&vol=12&no=2&page=87}
}


@article{Dudley1966,
  title = {Lorentz-invariant Markov processes in relativistic phase space},
  author = {Dudley, R. M.},
  journal = {Ark. Mat.},
  volume = {6},
  pages = {241--268},
  year = {1966},
  url = {https://doi.org/10.1007/BF02592032}
}


@article{Hakim1968,
    author = {Hakim, R.},
    title = "{Relativistic Stochastic Processes}",
    journal = {Journal of Mathematical Physics},
    volume = {9},
    number = {11},
    pages = {1805-1818},
    year = {1968},
    issn = {0022-2488},
    doi = {10.1063/1.1664513},
    url = {https://doi.org/10.1063/1.1664513},
}

@article{Dunkel2005b,
  title = {Theory of relativistic Brownian motion: The $(1+3)$-dimensional case},
  author = {Dunkel, J. and H\"anggi, P.},
  journal = {Phys. Rev. E},
  volume = {72},
  issue = {3},
  pages = {036106},
  numpages = {11},
  year = {2005b},
  month = {Sep},
  publisher = {American Physical Society},
  doi = {10.1103/PhysRevE.72.036106},
  url = {https://link.aps.org/doi/10.1103/PhysRevE.72.036106}
}

@article{Dunkel2005a,
  title = {Theory of relativistic Brownian motion: The $(1+1)$-dimensional case},
  author = {Dunkel, J. and H\"anggi, P.},
  journal = {Phys. Rev. E},
  volume = {71},
  issue = {1},
  pages = {016124},
  numpages = {12},
  year = {2005a},
  month = {Jan},
  publisher = {American Physical Society},
  doi = {10.1103/PhysRevE.71.016124},
  url = {https://link.aps.org/doi/10.1103/PhysRevE.71.016124}
}

@article{debbasch_relativistic_1997,
	title = {Relativistic Ornstein–Uhlenbeck Process},
	volume = {88},
	rights = {1997 Plenum Publishing Corporation},
	issn = {1572-9613},
	url = {https://link.springer.com/article/10.1023/B:JOSS.0000015180.16261.53},
	doi = {10.1023/B:JOSS.0000015180.16261.53},
	pages = {945--966},
	number = {3},
	journaltitle = {Journal of Statistical Physics},
	shortjournal = {Journal of Statistical Physics},
	author = {Debbasch, F. and Mallick, K. and Rivet, J. P.},
	urldate = {2023-09-05},
	date = {1997-08-01},
	langid = {english},
}

@article{Juttner1911,
author = {Jüttner, F.},
title = {Das Maxwellsche Gesetz der Geschwindigkeitsverteilung in der Relativtheorie},
journal = {Annalen der Physik},
volume = {339},
number = {5},
pages = {856-882},
doi = {https://doi.org/10.1002/andp.19113390503},
url = {https://onlinelibrary.wiley.com/doi/abs/10.1002/andp.19113390503},
year = {1911}
}

@article{Dunkel2009_time_param,
  title = {Time parameters and Lorentz transformations of relativistic stochastic processes},
  author = {Dunkel, J. and H\"anggi, P. and Weber, S.},
  journal = {Phys. Rev. E},
  volume = {79},
  issue = {1},
  pages = {010101},
  numpages = {4},
  year = {2009},
  publisher = {American Physical Society},
  doi = {10.1103/PhysRevE.79.010101},
  url = {https://link.aps.org/doi/10.1103/PhysRevE.79.010101}
}

@article{dunkel_non-local_2009,
	title = {Non-local observables and lightcone-averaging in relativistic thermodynamics},
	volume = {5},
	rights = {2009 Springer Nature Limited},
	issn = {1745-2481},
	url = {https://www.nature.com/articles/nphys1395},
	doi = {10.1038/nphys1395},
	pages = {741--747},
	number = {10},
	journaltitle = {Nature Physics},
	shortjournal = {Nature Phys},
	author = {Dunkel, J. and Hänggi, P. and Hilbert, S.},
	urldate = {2023-10-30},
	date = {2009-10},
	langid = {english},
}

@article{Phenix2011,
  title = {Identified charged hadron production in $p+p$ collisions at $\sqrt{s}=200$ and 62.4 GeV},
  author = {Adare, A. et al.},
  collaboration = {PHENIX Collaboration},
  journal = {Phys. Rev. C},
  volume = {83},
  issue = {6},
  pages = {064903},
  numpages = {29},
  year = {2011},
  publisher = {American Physical Society},
  doi = {10.1103/PhysRevC.83.064903},
  url = {https://link.aps.org/doi/10.1103/PhysRevC.83.064903}
}

@article{MICHAEL19791,
title = {Large transverse momentum and large mass production in hadronic interactions},
journal = {Progress in Particle and Nuclear Physics},
volume = {2},
pages = {1-39},
year = {1979},
issn = {0146-6410},
doi = {https://doi.org/10.1016/0146-6410(79)90002-4},
url = {https://www.sciencedirect.com/science/article/pii/0146641079900024},
author = {C. Michael}
}


@article{aamodt_production_2011,
	title = {Production of pions, kaons and protons in pp collisions at $\sqrt{s}=900$ GeV with {ALICE} at the {LHC}},
	volume = {71},
	issn = {1434-6052},
	url = {https://doi.org/10.1140/epjc/s10052-011-1655-9},
	doi = {10.1140/epjc/s10052-011-1655-9},
	pages = {1655},
	number = {6},
	journaltitle = {The European Physical Journal C},
	shortjournal = {Eur. Phys. J. C},
	author = {Aamodt, K. and et al.},
	urldate = {2023-10-30},
	date = {2011},
	langid = {english},
	keywords = {Large Hadron Collider, Silicon Strip Detector, Time Projection Chamber, Transverse Momentum, Weak Decay},
}


@article{Bjorken1983,
  title = {Highly relativistic nucleus-nucleus collisions: The central rapidity region},
  author = {Bjorken, J. D.},
  journal = {Phys. Rev. D},
  volume = {27},
  issue = {1},
  pages = {140--151},
  numpages = {0},
  year = {1983},
  publisher = {American Physical Society},
  doi = {10.1103/PhysRevD.27.140},
  url = {https://link.aps.org/doi/10.1103/PhysRevD.27.140}
}

@article{Hagedorn1965,
      author        = "Hagedorn, R.",
      title         = "{Statistical thermodynamics of strong interactions at high
                       energies}",
      reportNumber  = "CERN-TH-520",
      journal       = "Nuovo Cimento, Suppl.",
      volume        = "3",
      pages         = "147-186",
      year          = "1965",
      url           = "https://cds.cern.ch/record/346206",
}


@article{Heinz2013,
author = {Heinz, U. and Snellings, R.},
title = {Collective Flow and Viscosity in Relativistic Heavy-Ion Collisions},
journal = {Annual Review of Nuclear and Particle Science},
volume = {63},
number = {1},
pages = {123-151},
year = {2013},
doi = {10.1146/annurev-nucl-102212-170540},
URL = { https://doi.org/10.1146/annurev-nucl-102212-170540},
}

@article{romatschke2017,
	author = {Romatschke, P.},
	date = {2017-01-10},
	doi = {10.1140/epjc/s10052-016-4567-x},
	issn = {1434-6052},
	journaltitle = {The European Physical Journal C},
	langid = {english},
	number = {1},
	pages = {21},
	shortjournal = {Eur. Phys. J. C},
	title = {Do nuclear collisions create a locally equilibrated quark–gluon plasma?},
	url = {https://doi.org/10.1140/epjc/s10052-016-4567-x},
	urldate = {2023-11-08},
	volume = {77}
}


@Article{Wolschin1999,
author={Wolschin, G.},
title={Relativistic diffusion model},
journal={The European Physical Journal A - Hadrons and Nuclei},
year={1999},
day={01},
volume={5},
number={1},
pages={85-90},
issn={1434-601X},
doi={10.1007/s100500050260},
url={https://doi.org/10.1007/s100500050260}
}

@article{Wolschin2006,
author = {Wolschin, G. and Biyajima, M. and Mizoguchi, T. and Suzuki, N.},
title = {Time evolution of relativistic d + Au and Au + Au collisions},
journal = {Annalen der Physik},
volume = {518},
number = {6},
pages = {369-378},
keywords = {Relativistic heavy-ion collisions, nonequilibrium-statistical approach, Relativistic Diffusion Model},
doi = {https://doi.org/10.1002/andp.20065180601},
url = {https://onlinelibrary.wiley.com/doi/abs/10.1002/andp.20065180601},
year = {2006}
}

@article{Wolschin2007,
title = {Diffusion in relativistic systems},
journal = {Progress in Particle and Nuclear Physics},
volume = {59},
number = {1},
pages = {374-382},
year = {2007},
issn = {0146-6410},
doi = {https://doi.org/10.1016/j.ppnp.2007.01.007},
url = {https://www.sciencedirect.com/science/article/pii/S0146641007000178},
author = {Wolschin, G.},
}

@article{Tani2009,
  title = {Baryon Stopping as a New Probe of Geometric Scaling},
  author = {Mehtar-Tani, Y. and Wolschin, G.},
  journal = {Phys. Rev. Lett.},
  volume = {102},
  issue = {18},
  pages = {182301},
  numpages = {4},
  year = {2009},
  publisher = {American Physical Society},
  doi = {10.1103/PhysRevLett.102.182301},
  url = {https://link.aps.org/doi/10.1103/PhysRevLett.102.182301}
}

@article{Tani2009b,
  title = {Baryon stopping and saturation physics in relativistic collisions},
  author = {Mehtar-Tani, Y. and Wolschin, G.},
  journal = {Phys. Rev. C},
  volume = {80},
  issue = {5},
  pages = {054905},
  numpages = {9},
  year = {2009},
  month = {Nov},
  publisher = {American Physical Society},
  doi = {10.1103/PhysRevC.80.054905},
  url = {https://link.aps.org/doi/10.1103/PhysRevC.80.054905}
}

@article{Wolschin2015,
  title = {Ultraviolet energy dependence of particle production sources in relativistic heavy-ion collisions},
  author = {Wolschin, G.},
  journal = {Phys. Rev. C},
  volume = {91},
  issue = {1},
  pages = {014905},
  numpages = {5},
  year = {2015},
  publisher = {American Physical Society},
  doi = {10.1103/PhysRevC.91.014905},
  url = {https://link.aps.org/doi/10.1103/PhysRevC.91.014905}
}

@article{Wolschin2016,
  title = {Beyond the thermal model in relativistic heavy-ion collisions},
  author = {Wolschin, G.},
  journal = {Phys. Rev. C},
  volume = {94},
  issue = {2},
  pages = {024911},
  numpages = {9},
  year = {2016},
  publisher = {American Physical Society},
  doi = {10.1103/PhysRevC.94.024911},
  url = {https://link.aps.org/doi/10.1103/PhysRevC.94.024911}
}

@article{Wolschin2019,
    author = {Kellers, B. and Wolschin, G.},
    title = "{Limiting fragmentation at LHC energies}",
    journal = {Progress of Theoretical and Experimental Physics},
    volume = {2019},
    number = {5},
    pages = {053D03},
    year = {2019},
    issn = {2050-3911},
    doi = {10.1093/ptep/ptz044},
    url = {https://doi.org/10.1093/ptep/ptz044},
}


@article{Wolschin2020,
author = {Wolschin, G.},
year = {2020},
pages = {61},
title = {Aspects of Relativistic Heavy-Ion Collisions},
volume = {6},
journal = {Universe},
doi = {10.3390/universe6050061}
}

@article{Hoelck2020,
  title = {Baryon stopping as a relativistic Markov process in phase space},
  author = {Hoelck, J. and Wolschin, G.},
  journal = {Phys. Rev. Res.},
  volume = {2},
  issue = {3},
  pages = {033409},
  numpages = {9},
  year = {2020},
  publisher = {American Physical Society},
  doi = {10.1103/PhysRevResearch.2.033409},
  url = {https://link.aps.org/doi/10.1103/PhysRevResearch.2.033409}
}

@article{Hoelck2023,
	author = {Hoelck, J. and Wolschin, G.},
	date = {2023},
	journaltitle = {Annalen der Physik},
	langid = {english},
	title = {Cylindrically symmetric diffusion model
for relativistic heavy-ion collisions (submitted for publication)},
}

@article{Biyajima2002,
    author = {Biyajima, M. and Ide, M. and Mizoguchi, T. and Suzuki, N.},
    title = "{Scaling Behavior of $(N_{ch})^{-1}\mathrm{d}N_{ch}/\mathrm{d}\eta$ at  by the PHOBOS Collaboration and Its Implication: A Possible Explanation Employing the Ornstein-Uhlenbeck Process}",
    journal = {Progress of Theoretical Physics},
    volume = {108},
    number = {3},
    pages = {559-569},
    year = {2002},
    issn = {0033-068X},
    doi = {10.1143/PTP.108.559},
    url = {https://doi.org/10.1143/PTP.108.559},
}


@article{DUNKEL20091,
title = {Relativistic Brownian motion},
journal = {Physics Reports},
volume = {471},
number = {1},
pages = {1-73},
year = {2009},
issn = {0370-1573},
doi = {https://doi.org/10.1016/j.physrep.2008.12.001},
url = {https://www.sciencedirect.com/science/article/pii/S0370157308004171},
author = {Dunkel, J. and Hänggi, P.},
}

@article{Caucal2022,
  title = {Anomalous diffusion in QCD matter},
  author = {Caucal, P. and Mehtar-Tani, Y.},
  journal = {Phys. Rev. D},
  volume = {106},
  issue = {5},
  pages = {L051501},
  numpages = {7},
  year = {2022},
  publisher = {American Physical Society},
  doi = {10.1103/PhysRevD.106.L051501},
  url = {https://link.aps.org/doi/10.1103/PhysRevD.106.L051501}
}

@article{BRAUNMUNZINGER2019144,
title = {Loosely-bound objects produced in nuclear collisions at the LHC},
journal = {Nuclear Physics A},
volume = {987},
pages = {144-201},
year = {2019},
issn = {0375-9474},
doi = {https://doi.org/10.1016/j.nuclphysa.2019.02.006},
url = {https://www.sciencedirect.com/science/article/pii/S0375947419300405},
author = {Braun-Munzinger, P. and Dönigus, B.},
}


@article{GRIBOV1983,
title = {Semihard processes in QCD},
journal = {Physics Reports},
volume = {100},
number = {1},
pages = {1-150},
year = {1983},
issn = {0370-1573},
doi = {https://doi.org/10.1016/0370-1573(83)90022-4},
url = {https://www.sciencedirect.com/science/article/pii/0370157383900224},
author = {Gribov, L.V. and Levin, E.M. and Ryskin, M.G.},
}

@article{MUELLER1986,
title = {Gluon recombination and shadowing at small values of x},
journal = {Nuclear Physics B},
volume = {268},
number = {2},
pages = {427-452},
year = {1986},
issn = {0550-3213},
doi = {https://doi.org/10.1016/0550-3213(86)90164-1},
url = {https://www.sciencedirect.com/science/article/pii/0550321386901641},
author = {Mueller, A.H. and Qiu, J.},
}

@article{BLAIZOT1987,
title = {The early stage of ultra-relativistic heavy ion collisions},
journal = {Nuclear Physics B},
volume = {289},
pages = {847-860},
year = {1987},
issn = {0550-3213},
doi = {https://doi.org/10.1016/0550-3213(87)90408-1},
url = {https://www.sciencedirect.com/science/article/pii/0550321387904081},
author = { Blaizot, J.P. and  Mueller, A.H.},
}

@article{McLerran1994,
  title = {Computing quark and gluon distribution functions for very large nuclei},
  author = {McLerran, L. and Venugopalan, R.},
  journal = {Phys. Rev. D},
  volume = {49},
  issue = {5},
  pages = {2233--2241},
  numpages = {0},
  year = {1994},
  publisher = {American Physical Society},
  doi = {10.1103/PhysRevD.49.2233},
  url = {https://link.aps.org/doi/10.1103/PhysRevD.49.2233}
}

@article{Golec1998,
  title = {Saturation effects in deep inelastic scattering at low ${Q}^{2}$ and its implications on diffraction},
  author = {Golec-Biernat, K. and W\"usthoff, M.},
  journal = {Phys. Rev. D},
  volume = {59},
  issue = {1},
  pages = {014017},
  numpages = {10},
  year = {1998},
  publisher = {American Physical Society},
  doi = {10.1103/PhysRevD.59.014017},
  url = {https://link.aps.org/doi/10.1103/PhysRevD.59.014017}
}

@article{KHARZEEV2005,
title = {Color glass condensate at the LHC: hadron multiplicities in pp, pA and AA collisions},
journal = {Nuclear Physics A},
volume = {747},
number = {2},
pages = {609-629},
year = {2005},
issn = {0375-9474},
doi = {https://doi.org/10.1016/j.nuclphysa.2004.10.018},
url = {https://www.sciencedirect.com/science/article/pii/S0375947404010991},
author = {Kharzeev, D. and Levin, E. and Nardi, M.},
}

@article{Acharya2022,
title = {Characterizing the initial conditions of heavy-ion collisions at the LHC with mean transverse momentum and anisotropic flow correlations},
journal = {Physics Letters B},
volume = {834},
pages = {137393},
year = {2022},
issn = {0370-2693},
doi = {https://doi.org/10.1016/j.physletb.2022.137393},
url = {https://www.sciencedirect.com/science/article/pii/S0370269322005275},
author = {S. Acharya and D. Adamová and A. Adler and J. Adolfsson},
}

@book{davis2014,
	title = {Methods of Numerical Integration},
	isbn = {9781483264288},
	pagetotal = {628},
	publisher = {Academic Press},
	author = {Davis, P. J. and Rabinowitz, P.},
	date = {2014-05-10},
	langid = {english},
}

@article{GAUTSCHI1985,
title = {Orthogonal polynomials: Constructive theory and applications},
journal = {Journal of Computational and Applied Mathematics},
volume = {12-13},
pages = {61-76},
year = {1985},
issn = {0377-0427},
doi = {https://doi.org/10.1016/0377-0427(85)90007-X},
url = {https://www.sciencedirect.com/science/article/pii/037704278590007X},
author = {Gautschi, W.},
}

@article{GAUTSCHI1994,
author = {Gautschi, W.},
title = {Algorithm 726: ORTHPOL - a Package of Routines for Generating Orthogonal Polynomials and Gauss-Type Quadrature Rules},
year = {1994},
publisher = {Association for Computing Machinery},
address = {New York, NY, USA},
volume = {20},
number = {1},
issn = {0098-3500},
url = {https://doi.org/10.1145/174603.174605},
doi = {10.1145/174603.174605},
journal = {ACM Trans. Math. Softw.},
month = {mar},
pages = {21–62},
numpages = {42},
}
